@misc{who, 
  title= {Coronavirus disease (COVID-19) pandemic},
  author= {World~Health~Organizations},
  year= {2020},
  url= {https://www.who.int/emergencies/diseases/novel-coronavirus-2019}
}  
@article{covid19,
  title= {A Literature Review of the Economics of COVID-19},
  author= {Brodeur, Abel and Gray, David M and Islam, Anik and Bhuiyan, Suraiya},
  year = {2020},
  publisher= {IZA Discussion Paper}
}
@software{pandas,
    author       = {The~pandas~development~team},
    title        = {pandas-dev/pandas: Pandas},
    month        = feb,
    year         = 2020,
    publisher    = {Zenodo},
    version      = {latest},
    doi          = {10.5281/zenodo.3509134},
    url          = {https://doi.org/10.5281/zenodo.3509134}
}
@article{greer2020,
  title={The comparative politics of COVID-19: The need to understand government responses},
  author={Greer, Scott L and King, Elizabeth J and da Fonseca, Elize Massard and Peralta-Santos, Andre},
  journal={Global public health},
  volume={15},
  number={9},
  pages={1413--1416},
  year={2020},
  publisher={Taylor \& Francis}
}
@misc{crp, 
  title= {COVID-19 Government Response Event Dataset (CoronaNet v1.0)},
  author= {Cheng, Cindy, and Joan Barcelo, and Allison Hartnett, and Robert Kubinec, and Luca Messerschmidt},
  year= {2020},
  url= {https://www.coronanet-project.org}
}
@article{capano2020,
  title={Mobilizing policy (in) capacity to fight COVID-19: Understanding variations in state responses},
  author={Capano, Giliberto and Howlett, Michael and Jarvis, Darryl SL and Ramesh, M and Goyal, Nihit},
  journal={Policy and Society},
  volume={39},
  number={3},
  pages={285--308},
  year={2020},
  publisher={Taylor \& Francis}
}